<?xml version="1.0" encoding="UTF-8"?><collection xmlns="http://www.loc.gov/MARC21/slim"><record><leader>00380nam--2200133-i-4500</leader><controlfield tag="001">000018566</controlfield><controlfield tag="002">20161230</controlfield><controlfield tag="005">20161230201032</controlfield><controlfield tag="008">060222s1000------------r-----000-0-eng-d</controlfield><datafield ind1=" " ind2=" " tag="100"><subfield code="a">Eliel, Ernest L</subfield></datafield><datafield ind1=" " ind2=" " tag="245"><subfield code="a">Stereochemistry of carbon compounds</subfield></datafield><datafield ind1=" " ind2=" " tag="260"><subfield code="a">New York,Mcgraw-hill Book Co,Inc., 1962. Xv + 486 P</subfield></datafield><datafield ind1=" " ind2=" " tag="490"><subfield code="a">Mcgraw-hill Series In Advanced Chemistry</subfield></datafield><datafield ind1=" " ind2=" " tag="852"><subfield code="a">17436</subfield></datafield></record></collection>